% free energy book
@book{chipot2007free,
  title={Free energy calculations},
  author={Chipot, Christophe and Pohorille, Andrew},
  year={2007},
  publisher={Springer}
}

% FEP
@article{jiang2010free,
  title={Free energy perturbation Hamiltonian replica-exchange molecular dynamics (FEP/H-REMD) for absolute ligand binding free energy calculations},
  author={Jiang, Wei and Roux, Benoit},
  journal={J. Chem. Theory. Comput.},
  volume={6},
  number={9},
  pages={2559--2565},
  year={2010},
  publisher={ACS Publications}
}

% replica exchange
@article{sugita1999replica,
  title={Replica-exchange molecular dynamics method for protein folding},
  author={Sugita, Yuji and Okamoto, Yuko},
  journal={Chem. Phys Lett.},
  volume={314},
  number={1-2},
  pages={141--151},
  year={1999},
  publisher={Elsevier}
}

% Umbrella Sampling
@article{kastner2011umbrella,
  title={Umbrella sampling},
  author={Kästner, Johannes},
  journal={Wiley Interdiscip. Rev.-Comput. Mol. Sci.},
  volume={1},
  number={6},
  pages={932--942},
  year={2011},
  publisher={Wiley Online Library}
}

% WHAM
@article{kumar1992weighted,
  title={The weighted histogram analysis method for free-energy calculations on biomolecules. I. The method},
  author={Kumar, Shankar and Rosenberg, John M and Bouzida, Djamal and Swendsen, Robert H and Kollman, Peter A},
  journal={J. Comput. Chem.},
  volume={13},
  number={8},
  pages={1011--1021},
  year={1992},
  publisher={Wiley Online Library}
}

@article{virnau2004calculation,
  title={Calculation of free energy through successive umbrella sampling},
  author={Virnau, Peter and M{\"u}ller, Marcus},
  journal={J. Chem. Phys.},
  volume={120},
  number={23},
  pages={10925--10930},
  year={2004},
  publisher={American Institute of Physics}
}

@article{souaille2001extension,
  title={Extension to the weighted histogram analysis method: combining umbrella sampling with free energy calculations},
  author={Souaille, Marc and Roux, Beno{\i}t},
  journal={CPC},
  volume={135},
  number={1},
  pages={40--57},
  year={2001},
  publisher={North-Holland}
}

% MBAR
@article{shirts2008statistically,
  title={Statistically optimal analysis of samples from multiple equilibrium states},
  author={Shirts, Michael R and Chodera, John D},
  journal={J. Chem. Phys.},
  volume={129},
  number={12},
  pages={124105},
  year={2008},
  publisher={American Institute of Physics}
}

% Thermodynamic IntegrationI
@article{kirkwood1935statistical,
  title={Statistical mechanics of fluid mixtures},
  author={Kirkwood, John G},
  journal={J. Chem. Phys.},
  volume={3},
  number={5},
  pages={300--313},
  year={1935},
  publisher={American Institute of Physics}
}

@article{zwanzig1954high,
  title={High-temperature equation of state by a perturbation method. I. Nonpolar gases},
  author={Zwanzig, Robert W},
  journal={J. CHem. Phys.},
  volume={22},
  number={8},
  pages={1420--1426},
  year={1954},
  publisher={American Institute of Physics}
}

@article{den2000thermodynamic,
  title={Thermodynamic integration of the free energy along a reaction coordinate in Cartesian coordinates},
  author={den Otter, Wouter K},
  journal={J. Chem. Phys.},
  volume={112},
  number={17},
  pages={7283--7292},
  year={2000},
  publisher={American Institute of Physics}
}

% ABF
@article{comer2015adaptive,
  title={The adaptive biasing force method: Everything you always wanted to know but were afraid to ask},
  author={Comer, Jeffrey and Gumbart, James C and Henin, Jerome and Lelievre, Tony and Pohorille, Andrew and Chipot, Christophe},
  journal={J. Phys. Chem. B},
  volume={119},
  number={3},
  pages={1129--1151},
  year={2015},
  publisher={ACS Publications}
}

@article{darve2008adaptive,
  title={Adaptive biasing force method for scalar and vector free energy calculations},
  author={Darve, Eric and Rodriguez-Gomez, David and Pohorille, Andrew},
  journal={J. Chem. Phys.},
  volume={128},
  number={14},
  pages={144120},
  year={2008},
  publisher={American Institute of Physics}
}

@article{henin2010exploring,
  title={Exploring multidimensional free energy landscapes using time-dependent biases on collective variables},
  author={Henin, Jerome and Fiorin, Giacomo and Chipot, Christophe and Klein, Michael L},
  journal={JCTC},
  volume={6},
  number={1},
  pages={35--47},
  year={2010},
  publisher={ACS Publications}
}

@article{carter1989constrained,
  title={Constrained reaction coordinate dynamics for the simulation of rare events},
  author={Carter, EA and Ciccotti, Giovanni and Hynes, James T and Kapral, Raymond},
  journal={Chem. Phys. Lett.},
  volume={156},
  number={5},
  pages={472--477},
  year={1989},
  publisher={Elsevier}
}

@article{blondel2004ensemble,
  title={Ensemble variance in free energy calculations by thermodynamic integration: theory, optimal “alchemical” path, and practical solutions},
  author={Blondel, Arnaud},
  journal={J. Comput. Chem.},
  volume={25},
  number={7},
  pages={985--993},
  year={2004},
  publisher={Wiley Online Library}
}

@article{ciccotti2005blue,
  title={Blue moon sampling, vectorial reaction coordinates, and unbiased constrained dynamics},
  author={Ciccotti, Giovanni and Kapral, Raymond and Vanden-Eijnden, Eric},
  journal={ChemPhysChem},
  volume={6},
  number={9},
  pages={1809--1814},
  year={2005},
  publisher={Wiley Online Library}
}

@article{fiorin2013using,
  title={Using collective variables to drive molecular dynamics simulations},
  author={Fiorin, Giacomo and Klein, Michael L and Henin, Jerome},
  journal={Mol. Phys.},
  volume={111},
  number={22-23},
  pages={3345--3362},
  year={2013},
  publisher={Taylor \& Francis}
}

@article{ciccotti2005blue,
  title={Blue moon sampling, vectorial reaction coordinates, and unbiased constrained dynamics},
  author={Ciccotti, Giovanni and Kapral, Raymond and Vanden-Eijnden, Eric},
  journal={ChemPhysChem},
  volume={6},
  number={9},
  pages={1809--1814},
  year={2005},
  publisher={Wiley Online Library}
}

@article{alrachid2015long,
  title={Long-time convergence of an adaptive biasing force method: Variance reduction by Helmholtz projection},
  author={Alrachid, Houssam and Leli{\`e}vre, Tony},
  journal={SMAI-JCM},
  volume={1},
  pages={55--82},
  year={2015}
}

% Stratification
@article{valleau1972monte,
  title={Monte Carlo estimation of the free energy by multistage sampling},
  author={Valleau, JP and Card, DN},
  journal={J. Chem. Phys.},
  volume={57},
  number={12},
  pages={5457--5462},
  year={1972},
  publisher={American Institute of Physics}
}

% multiple walker ABF
@article{comer2014multiple,
  title={Multiple-replica strategies for free-energy calculations in NAMD: Multiple-walker adaptive biasing force and walker selection rules},
  author={Comer, Jeffrey and Phillips, James C and Schulten, Klaus and Chipot, Christophe},
  journal={J. Chem. Theory Comput.},
  volume={10},
  number={12},
  pages={5276--5285},
  year={2014},
  publisher={ACS Publications}
}

@article{wilson2011molecular,
  title={Molecular dynamics simulation of the antiamoebin ion channel: linking structure and conductance},
  author={Wilson, Michael A and Wei, Chenyu and Bjelkmar, P{\"a}r and Wallace, Bonnie A and Pohorille, Andrew},
  journal={Biophysical journal},
  volume={100},
  number={10},
  pages={2394--2402},
  year={2011},
  publisher={Elsevier}
}

@article{comer2014calculation,
  title={Calculation of lipid-bilayer permeabilities using an average force},
  author={Comer, Jeffrey and Schulten, Klaus and Chipot, Christophe},
  journal={JCTC},
  volume={10},
  number={2},
  pages={554--564},
  year={2014},
  publisher={ACS Publications}
}

@article{minoukadeh2010potential,
  title={Potential of mean force calculations: a multiple-walker adaptive biasing force approach},
  author={Minoukadeh, Kimiya and Chipot, Christophe and Lelievre, Tony},
  journal={JCTC},
  volume={6},
  number={4},
  pages={1008--1017},
  year={2010},
  publisher={ACS Publications}
}

% eABF
@article{lesage2017smoothed,
  title={Smoothed biasing forces yield unbiased free energies with the extended-system adaptive biasing force method},
  author={Lesage, Adrien and Lelievre, Tony and Stoltz, Gabriel and Henin, Jerome},
  journal={J. Phys. Chem. B},
  volume={121},
  number={15},
  pages={3676--3685},
  year={2017},
  publisher={ACS Publications}
}

% Metadynamics
@article{barducci2011metadynamics,
  title={Metadynamics},
  author={Barducci, Alessandro and Bonomi, Massimiliano and Parrinello, Michele},
  journal={Wiley Interdiscip. Rev.-Comput. Mol. Sci.},
  volume={1},
  number={5},
  pages={826--843},
  year={2011},
  publisher={Wiley Online Library}
}

@article{barducci2008well,
  title={Well-tempered metadynamics: a smoothly converging and tunable free-energy method},
  author={Barducci, Alessandro and Bussi, Giovanni and Parrinello, Michele},
  journal={Phys. Rev. Lett.},
  volume={100},
  number={2},
  pages={020603},
  year={2008},
  publisher={APS}
}

@article{laio2005assessing,
  title={Assessing the accuracy of metadynamics},
  author={Laio, Alessandro and Rodriguez-Fortea, Antonio and Gervasio, Francesco Luigi and Ceccarelli, Matteo and Parrinello, Michele},
  journal={J. Phys Chem. B},
  volume={109},
  number={14},
  pages={6714--6721},
  year={2005},
  publisher={ACS Publications}
}

@article{bussi2006equilibrium,
  title={Equilibrium free energies from nonequilibrium metadynamics},
  author={Bussi, Giovanni and Laio, Alessandro and Parrinello, Michele},
  journal={Phys. Rev. Lett.},
  volume={96},
  number={9},
  pages={090601},
  year={2006},
  publisher={APS}
}

% meta-eABF
@article{fu2018zooming,
  title={Zooming across the free-energy landscape: shaving barriers, and flooding valleys},
  author={Fu, Haohao and Zhang, Hong and Chen, Haochuan and Shao, Xueguang and Chipot, Christophe and Cai, Wensheng},
  journal={J. Phys. Chem. Lett.},
  volume={9},
  number={16},
  pages={4738--4745},
  year={2018},
  publisher={ACS Publications}
}

@article{fu2019taming,
  title={Taming rugged free energy landscapes using an average force},
  author={Fu, Haohao and Shao, Xueguang and Cai, Wensheng and Chipot, Christophe},
  journal={Acc. Chem. Res.},
  volume={52},
  number={11},
  pages={3254--3264},
  year={2019},
  publisher={ACS Publications}
}

% spline functions
@article{de1972calculating,
  title={On calculating with B-splines},
  author={De Boor, Carl},
  journal={J. Approx. Theory},
  volume={6},
  number={1},
  pages={50--62},
  year={1972},
  publisher={Academic Press}
}

% BFGS minimization
@book{nocedal2006numerical,
  title={Numerical optimization},
  author={Nocedal, Jorge and Wright, Stephen},
  year={2006},
  publisher={Springer Science \& Business Media}
}

% geometric free energy
@article{bal2020free,
  title={Free energy barriers from biased molecular dynamics simulations},
  author={Bal, Kristof M and Fukuhara, Satoru and Shibuta, Yasushi and Neyts, Erik C},
  journal={J. Chem. Phys.},
  volume={153},
  number={11},
  pages={114118},
  year={2020},
  publisher={AIP Publishing LLC}
}

@article{hartmann2011two,
  title={On two possible definitions of the free energy for collective variables},
  author={Hartmann, Carsten and Latorre, Juan C and Ciccotti, Giovanni},
  journal={EPJ Special Topics},
  volume={200},
  number={1},
  pages={73--89},
  year={2011},
  publisher={Springer}
}

% Fermions
@article{kussmann2013pre,
  title={Pre-selective screening for matrix elements in linear-scaling exact exchange calculations},
  author={Kussmann, J{\"o}rg and Ochsenfeld, Christian},
  journal={J. Chem. Phys.},
  volume={138},
  number={13},
  pages={134114},
  year={2013},
  publisher={American Institute of Physics}
}
@article{kussmann2017hybrid,
  title={Hybrid CPU/GPU integral engine for strong-scaling ab initio methods},
  author={Kussmann, Jorg and Ochsenfeld, Christian},
  journal={JCTC},
  volume={13},
  number={7},
  pages={3153--3159},
  year={2017},
  publisher={ACS Publications}
}
@article{laqua2018efficient,
  title={Efficient and linear-scaling seminumerical method for local hybrid density functionals},
  author={Laqua, Henryk and Kussmann, Jörg and Ochsenfeld, Christian},
  journal={JCTC},
  volume={14},
  number={7},
  pages={3451--3458},
  year={2018},
  publisher={ACS Publications}
}
@article{kussmann2013linear,
  title={Linear-scaling self-consistent field methods for large molecules},
  author={Kussmann, J{\"o}rg and Beer, Matthias and Ochsenfeld, Christian},
  journal={Wiley Interdiscip. Rev.-Comput. Mol. Sci.},
  volume={3},
  number={6},
  pages={614--636},
  year={2013},
  publisher={Wiley Online Library}
}


% Python/Numpy
@Article{harris2020array,
 title         = {Array programming with {NumPy}},
 author        = {Charles R. Harris and K. Jarrod Millman and St{'{e}}fan J.
                 van der Walt and Ralf Gommers and Pauli Virtanen and David
                 Cournapeau and Eric Wieser and Julian Taylor and Sebastian
                 Berg and Nathaniel J. Smith and Robert Kern and Matti Picus
                 and Stephan Hoyer and Marten H. van Kerkwijk and Matthew
                 Brett and Allan Haldane and Jaime Fern{'{a}}ndez del
                 R{'{\i}}o and Mark Wiebe and Pearu Peterson and Pierre
                 G{'{e}}rard-Marchant and Kevin Sheppard and Tyler Reddy and
                 Warren Weckesser and Hameer Abbasi and Christoph Gohlke and
                 Travis E. Oliphant},
 year          = {2020},
 month         = sep,
 journal       = {Nature},
 volume        = {585},
 number        = {7825},
 pages         = {357--362},
 doi           = {10.1038/s41586-020-2649-2},
 publisher     = {Springer Science and Business Media {LLC}},
 url           = {https://doi.org/10.1038/s41586-020-2649-2}
}

% Velocity velet and langevin dynamics
@article{swope1982computer,
  title={A computer simulation method for the calculation of equilibrium constants for the formation of physical clusters of molecules: Application to small water clusters},
  author={Swope, William C and Andersen, Hans C and Berens, Peter H and Wilson, Kent R},
  journal={J. Chem. Phys.},
  volume={76},
  number={1},
  pages={637--649},
  year={1982},
  publisher={American Institute of Physics}
}

@book{kroger2005models,
  title={Models for polymeric and anisotropic liquids},
  author={Kr{\"o}ger, Martin},
  volume={675},
  year={2005},
  publisher={Springer Science \& Business Media}
}

% numeric Integration
@book{davis2007methods,
  title={Methods of numerical integration},
  author={Davis, Philip J and Rabinowitz, Philip},
  year={2007},
  publisher={Courier Corporation}
}

@article{virtanen2020scipy,
  title={SciPy 1.0: fundamental algorithms for scientific computing in Python},
  author={Virtanen, Pauli and Gommers, Ralf and Oliphant, Travis E and Haberland, Matt and Reddy, Tyler and Cournapeau, David and Burovski, Evgeni and Peterson, Pearu and Weckesser, Warren and Bright, Jonathan and others},
  journal={Nature methods},
  volume={17},
  number={3},
  pages={261--272},
  year={2020},
  publisher={Nature Publishing Group}
}

% ergidicity
@book{schutte2013metastability,
  title={Metastability and Markov State Models in Molecular Dynamics},
  author={Sch{\"u}tte, Christof and Sarich, Marco},
  volume={24},
  year={2013},
  publisher={American Mathematical Soc.}
}

% force fields
@article{ponder2003force,
  title={Force fields for protein simulations},
  author={Ponder, Jay W and Case, David A},
  journal={Advances in protein chemistry},
  volume={66},
  pages={27--85},
  year={2003},
  publisher={Elsevier}
}

% DFT
@article{burke2012perspective,
  title={Perspective on density functional theory},
  author={Burke, Kieron},
  journal={J. Chem. Phys.},
  volume={136},
  number={15},
  pages={150901},
  year={2012},
  publisher={American Institute of Physics}
}

% Born Oppenheimers
@incollection{combes1981born,
  title={The born-oppenheimer approximation},
  author={Combes, Jean-Michel and Duclos, Pierre and Seiler, Ruedi},
  booktitle={Rigorous atomic and molecular physics},
  pages={185--213},
  year={1981},
  publisher={Springer}
}

% enhanced sampling
@article{bernardi2015enhanced,
  title={Enhanced sampling techniques in molecular dynamics simulations of biological systems},
  author={Bernardi, Rafael C and Melo, Marcelo CR and Schulten, Klaus},
  journal={Biochimica et Biophysica Acta (BBA)-General Subjects},
  volume={1850},
  number={5},
  pages={872--877},
  year={2015},
  publisher={Elsevier}
}

@article{abrams2014enhanced,
  title={Enhanced sampling in molecular dynamics using metadynamics, replica-exchange, and temperature-acceleration},
  author={Abrams, Cameron and Bussi, Giovanni},
  journal={Entropy},
  volume={16},
  number={1},
  pages={163--199},
  year={2014},
  publisher={Multidisciplinary Digital Publishing Institute}
}

% Conclusion
@article{zheng2008random,
  title={Random walk in orthogonal space to achieve efficient free-energy simulation of complex systems},
  author={Zheng, Lianqing and Chen, Mengen and Yang, Wei},
  journal={Proceedings of the National Academy of Sciences},
  volume={105},
  number={51},
  pages={20227--20232},
  year={2008},
  publisher={National Acad Sciences}
}

@article{perez2013identification,
  title={Identification of slow molecular order parameters for Markov model construction},
  author={P{\'e}rez-Hern{\'a}ndez, Guillermo and Paul, Fabian and Giorgino, Toni and De Fabritiis, Gianni and No{\'e}, Frank},
  journal={J. Chem. Phys.},
  volume={139},
  number={1},
  pages={07B604\_1},
  year={2013},
  publisher={American Institute of Physics}
}

@article{brandt2018machine,
  title={Machine learning of biomolecular reaction coordinates},
  author={Brandt, Simon and Sittel, Florian and Ernst, Matthias and Stock, Gerhard},
  journal={J. Phys. Chem. Lett.},
  volume={9},
  number={9},
  pages={2144--2150},
  year={2018},
  publisher={ACS Publications}
}

% intorduction
@article{capelli2019chasing,
  title={Chasing the full free energy landscape of neuroreceptor/ligand unbinding by metadynamics simulations},
  author={Capelli, Riccardo and Bochicchio, Anna and Piccini, GiovanniMaria and Casasnovas, Rodrigo and Carloni, Paolo and Parrinello, Michele},
  journal={JCTC},
  volume={15},
  number={5},
  pages={3354--3361},
  year={2019},
  publisher={ACS Publications}
}
@article{fu2017new,
  title={New coarse variables for the accurate determination of standard binding free energies},
  author={Fu, Haohao and Cai, Wensheng and Hénin, Jérôme and Roux, Beno{\^\i}t and Chipot, Christophe},
  journal={JCTC},
  volume={13},
  number={11},
  pages={5173--5178},
  year={2017},
  publisher={ACS Publications}
}
@article{gumbart2013standard,
  title={Standard binding free energies from computer simulations: What is the best strategy?},
  author={Gumbart, James C and Roux, Beno{\^\i}t and Chipot, Christophe},
  journal={JCTC},
  volume={9},
  number={1},
  pages={794--802},
  year={2013},
  publisher={ACS Publications}
}
@article{fu2017lubricating,
  title={The lubricating role of water in the shuttling of rotaxanes},
  author={Fu, Haohao and Shao, Xueguang and Chipot, Christophe and Cai, Wensheng},
  journal={Chemical science},
  volume={8},
  number={7},
  pages={5087--5094},
  year={2017},
  publisher={Royal Society of Chemistry}
}
@article{chen2019tumbling,
  title={Tumbling of anisole units in calixarene promotes its shuttling in rotaxanes},
  author={Chen, Haochuan and Zhang, Hong and Shao, Xueguang and Cai, Wensheng},
  journal={J. Phys. Chem. C},
  volume={123},
  number={29},
  pages={18050--18055},
  year={2019},
  publisher={ACS Publications}
}
@article{kollman1993free,
  title={Free energy calculations: applications to chemical and biochemical phenomena},
  author={Kollman, Peter},
  journal={Chem. Rev.},
  volume={93},
  number={7},
  pages={2395--2417},
  year={1993},
  publisher={ACS Publications}
}
@article{ochsenfeld2007linear,
  title={Linear-scaling methods in quantum chemistry},
  author={Ochsenfeld, Christian and Kussmann, Jorg and Lambrecht, Daniel S},
  journal={Reviews in computational chemistry},
  volume={23},
  pages={1},
  year={2007},
  publisher={Wiley Online Library}
}
@article{acun2018scalable,
  title={Scalable molecular dynamics with NAMD on the Summit system},
  author={Acun, Bilge and Hardy, David J and Kale, Laxmikant V and Li, Keqin and Phillips, James C and Stone, John E},
  journal={IBM journal of research and development},
  volume={62},
  number={6},
  pages={4--1},
  year={2018},
  publisher={IBM}
}
@article{shao2015advances,
  title={Advances in molecular quantum chemistry contained in the Q-Chem 4 program package},
  author={Shao, Yihan and Gan, Zhengting and Epifanovsky, Evgeny and Gilbert, Andrew TB and Wormit, Michael and Kussmann, Joerg and Lange, Adrian W and Behn, Andrew and Deng, Jia and Feng, Xintian and others},
  journal={Mol. Phys.},
  volume={113},
  number={2},
  pages={184--215},
  year={2015},
  publisher={Taylor \& Francis}
}
@article{sinko2013accounting,
  title={Accounting for receptor flexibility and enhanced sampling methods in computer-aided drug design},
  author={Sinko, William and Lindert, Steffen and McCammon, J Andrew},
  journal={Chemical biology \& drug design},
  volume={81},
  number={1},
  pages={41--49},
  year={2013},
  publisher={Wiley Online Library}
}
@incollection{yu2017computer,
  title={Computer-aided drug design methods},
  author={Yu, Wenbo and MacKerell, Alexander D},
  booktitle={Antibiotics},
  pages={85--106},
  year={2017},
  publisher={Springer}
}
@inproceedings{koppen2000curse,
  title={The curse of dimensionality},
  author={K{\"o}ppen, Mario},
  booktitle={5th Online World Conference on Soft Computing in Industrial Applications (WSC5)},
  volume={1},
  pages={4--8},
  year={2000}
}

# PBEh-3c/dev2-msvp
@misc{keal2005semiempirical,
  title={Semiempirical hybrid functional with improved performance in an extensive chemical assessment},
  author={Keal, Thomas W and Tozer, David J},
  year={2005},
  publisher={American Institute of Physics}
}
@article{keal2005semiempirical,
author = {Keal,Thomas W.  and Tozer,David J. },
title = {Semiempirical hybrid functional with improved performance in an extensive chemical assessment},
journal = {J. Chem. Phys.},
volume = {123},
number = {12},
pages = {121103},
year = {2005},
doi = {10.1063/1.2061227},
}

% HF-3c/minix
@article{sure2013corrected,
  title={Corrected small basis set Hartree-Fock method for large systems},
  author={Sure, Rebecca and Grimme, Stefan},
  journal={J. Comput. Chem.},
  volume={34},
  number={19},
  pages={1672--1685},
  year={2013},
  publisher={Wiley Online Library}
}
@article{von2019finding,
  title={Finding Reactive Configurations: A Machine Learning Approach for Estimating Energy Barriers Applied to Sirtuin 5},
  author={von der Esch, Beatriz and Dietschreit, Johannes CB and Peters, Laurens DM and Ochsenfeld, Christian},
  journal={JCTC},
  volume={15},
  number={12},
  pages={6660--6667},
  year={2019},
  publisher={ACS Publications}
}
@inproceedings{reiter2019using,
  title={Using an Autoencoder for Dimensionality Reduction in Quantum Dynamics},
  author={Reiter, Sebastian and Schnappinger, Thomas and de Vivie-Riedle, Regina},
  booktitle={International Conference on Artificial Neural Networks},
  pages={783--787},
  year={2019},
  organization={Springer}
}
@article{brotzakis2018accelerating,
  title={Accelerating the calculation of protein--ligand binding free energy and residence times using dynamically optimized collective variables},
  author={Brotzakis, Z Faidon and Limongelli, Vittorio and Parrinello, Michele},
  journal={JCTC},
  volume={15},
  number={1},
  pages={743--750},
  year={2018},
  publisher={ACS Publications}
}

@article{rydzewski2020multiscale,
  title={Multiscale reweighted stochastic embedding (MRSE): Deep learning of collective variables for enhanced sampling},
  author={Rydzewski, Jakub and Valsson, Omar},
  journal={arXiv preprint arXiv:2007.06377},
  year={2020}
}

% application Metadynamics
@article{vymetal2011gyration,
  title={Gyration-and inertia-tensor-based collective coordinates for metadynamics. Application on the conformational behavior of polyalanine peptides and Trp-cage folding},
  author={Vymětal, Jiří and Vondrášek, Jiří},
  journal={J. Phys. Chem. A},
  volume={115},
  number={41},
  pages={11455--11465},
  year={2011},
  publisher={ACS Publications}
}
@article{tanida2020alchemical,
  title={Alchemical free energy calculations via metadynamics: Application to the theophylline-RNA aptamer complex},
  author={Tanida, Yoshiaki and Matsuura, Azuma},
  journal={J. Comput. Chem.},
  volume={41},
  number={20},
  pages={1804--1819},
  year={2020},
  publisher={Wiley Online Library}
}
@article{ikeda2005hydration,
  title={Hydration structure of Y 3+ and La 3+ compared: An application of metadynamics},
  author={Ikeda, Takashi and Hirata, Masaru and Kimura, Takaumi},
  journal={J. Chem. Phys.},
  volume={122},
  number={24},
  pages={244507},
  year={2005},
  publisher={American Institute of Physics}
}
